%! Author = francois
%! Date = 17/03/2022

@misc{mimi1,
  author = "{Mimi}",
  title = "{Le théorème de Mimi}",
  howpublished = {\url{http://mimi.org/}}
}